@inproceedings{vaswani2017,
  author    = {Vaswani, Ashish and Shazeer, Noam and Parmar, Niki and Uszkoreit, Jakob and Jones, Llion and Gomez, Aidan N and Kaiser, \L ukasz and Polosukhin, Illia},
  booktitle = {Advances in Neural Information Processing Systems},
  editor    = {I. Guyon and U. Von Luxburg and S. Bengio and H. Wallach and R. Fergus and S. Vishwanathan and R. Garnett},
  pages     = {},
  publisher = {Curran Associates, Inc.},
  title     = {Attention is All you Need},
  volume    = {30},
  year      = {2017},
  note      = {Available at:  \url{https://proceedings.neurips.cc/paper_files/paper/2017/file/3f5ee243547dee91fbd053c1c4a845aa-Paper.pdf}}
}

@inproceedings{wolf2020,
  title     = {Transformers: State-of-the-Art Natural Language Processing},
  author    = {Wolf, Thomas and Debut, Lysandre and Sanh, Victor and Chaumond, Julien and Delangue, Clement and Moi, Anthony and Cistac, Pierric and Rault, Tim and Louf, Remi and Funtowicz, Morgan and Davison, Joe and Shleifer, Sam and von Platen, Patrick and Ma, Clara and Jernite, Yacine and Plu, Julien and Xu, Canwen and Le Scao, Teven and Gugger, Sylvain and Drame, Mariama and Lhoest, Quentin and Rush, Alexander},
  booktitle = {Proceedings of the 2020 Conference on Empirical Methods in Natural Language Processing: System Demonstrations},
  month     = oct,
  year      = {2020},
  address   = {Online},
  publisher = {Association for Computational Linguistics},
  url       = {https://aclanthology.org/2020.emnlp-demos.6},
  doi       = {10.18653/v1/2020.emnlp-demos.6},
  pages     = {38--45},
  note      = {Available at: \url{http://dx.doi.org/10.18653/v1/2020.emnlp-demos.6}}
}

@article{chowdhary2020,
  title     = {Natural language processing},
  author    = {Chowdhary, KR1442 and Chowdhary, KR},
  journal   = {Fundamentals of artificial intelligence},
  pages     = {603--649},
  year      = {2020},
  publisher = {Springer},
  note      = {Available at: \url{https://doi.org/10.1007/978-81-322-3972-7_19}}
}

@book{zhou2021,
  title     = {Machine learning},
  author    = {Zhou, Zhi-Hua},
  year      = {2021},
  publisher = {Springer Nature},
  note      = {Available at: \url{https://books.google.com/books?hl=en&lr=&id=ctM-EAAAQBAJ&oi=fnd&pg=PR6&dq=machine+learning&ots=oZRmW8Xr_u&sig=AEotOqjqV_3MF4Gp1cPrW_m3hUE}}
}

@inproceedings{li2021,
  title     = {AI meets database: AI4DB and DB4AI},
  author    = {Li, Guoliang and Zhou, Xuanhe and Cao, Lei},
  booktitle = {Proceedings of the 2021 International Conference on Management of Data},
  pages     = {2859--2866},
  year      = {2021}
}

@inproceedings{wang2021,
  title     = {Towards enhancing database education: Natural language generation meets query execution plans},
  author    = {Wang, Weiguo and Bhowmick, Sourav S and Li, Hui and Joty, Shafiq and Liu, Siyuan and Chen, Peng},
  booktitle = {Proceedings of the 2021 International Conference on Management of Data},
  pages     = {1933--1945},
  year      = {2021}
}

@article{touvron2023,
  title   = {Llama 2: Open foundation and fine-tuned chat models},
  author  = {Touvron, Hugo and Martin, Louis and Stone, Kevin and Albert, Peter and Almahairi, Amjad and Babaei, Yasmine and Bashlykov, Nikolay and Batra, Soumya and Bhargava, Prajjwal and Bhosale, Shruti and others},
  journal = {arXiv preprint arXiv:2307.09288},
  year    = {2023},
  note    = {Available at: \url{https://doi.org/10.48550/arXiv.2307.09288}}
}

@article{zhou2024,
  title     = {DB-GPT: Large Language Model Meets Database},
  author    = {Zhou, Xuanhe and Sun, Zhaoyan and Li, Guoliang},
  journal   = {Data Science and Engineering},
  pages     = {1--10},
  year      = {2024},
  publisher = {Springer}
}